%%
%% WinShell 3.3.2.6
%% http://www.winshell.org/
%%

% Strings


% Preamble


% BibTeX Entries
@article{4-way-movement,
 author               = {Blue, V. and Adler, J.},
 journal              = {Unknown Journal},
 title                = {Modelling Four Directional Pedestriam Movements},
 year                 = {2000},
 }

@article{BiDu05,
 author               = {Bitgood, S. and Dukes, S.},
 journal              = {Unknown Journal},
 title                = {Economy of Movement and Pedestrian Choice Point Behavior in Shopping Malls},
 year                 = {2005},
 }

@article{BlAd01,
 author               = {Blue, V. and Adler, J.},
 journal              = {Unknown Journal},
 title                = {Cellular automata microsimulation for modeling bi-directional pedestrian walkways},
 year                 = {2001},
 }

@article{BoTi05,
 author               = {Borgers, A. and Timmermans, H.},
 journal              = {Unknown Journal},
 title                = {Modelling pedestrian behaviour in downtown shopping areas},
 year                 = {2005},
 }

@article{BoTi86-1,
 author               = {Borgers, A. and Timmermans, H.},
 journal              = {Geographical Analysis},
 title                = {A Model of Pedestrian Route Choice and Demand for Retail Facilities within Inner-City Shopping Areas},
 year                 = {1986},
 }

@article{BoTi86-2,
 author               = {Borgers, A. and Timmermans, H.},
 journal              = {Unknown Journal},
 title                = {City centre entry points, store location, patterns and pedestrian route choice behaviour: a microlevel simulation model},
 year                 = {1986},
 }

@article{fluid-dynamics,
 author               = {Helbing, D.},
 journal              = {Complex Systems},
 title                = {A Fluid Dynamic Model for the Movement of Pedestrians},
 year                 = {1992},
 }

@article{FSE99,
 title                = {ISO/TR 13387-1:1999 Fire safety engineering},
 year                 = {1999},
 }

@article{KiBa04,
 author               = {Kitazawa, K. and Batty, M.},
 title                = {Pedestrian Behaviour Modelling - An Application to Retail Movements using a Genetic Algorithm},
 year                 = {2004},
 }

@book{multi-agent-systems,
 author               = {Wooldridge, M.},
 journal              = {Unknown Journal},
 publisher            = {John Wiley \& Sons Ltd},
 title                = {An Introduction to Multiagent Systems},
 year                 = {2002},
 }

@article{RaSchSch11,
 author               = {Rauh, J. and Schenk, T. and Schördl, D.},
 journal              = {Unknown Journal},
 title                = {The Simulated consumer - an agent-based approach to shopping behaviour},
 year                 = {2011},
 }

@article{social-distance,
 author               = {Karakayali, N.},
 journal              = {Unknown Journal},
 title                = {Social Distance and affective orientation},
 year                 = {2009},
 }

@article{social-distance-agh,
 author               = {W¹s, J. and Gudowski, B. and Matuszyk, P.},
 journal              = {Unknown Journal},
 title                = {Social Distances Model of Pedestrian Dynamics},
 year                 = {2006},
 }

@article{social-force,
 author               = {Helbing, D. and Molánr, P.},
 title                = {Social force model for pedestrian dynamics},
 year                 = {1994},
 }

@article{Zach00,
 author               = {Zacharias, J.},
 journal              = {Unknown Journal},
 title                = {Shopping behavior at Alexis-Nihon Plaza in Montreal},
 year                 = {2000},
 }
